
@article{goodfellow_generative_2014,
	title = {Generative Adversarial Nets},
	volume = {27},
	url = {https://papers.neurips.cc/paper_files/paper/2014/hash/5ca3e9b122f61f8f06494c97b1afccf3-Abstract.html},
	journal = {Advances in Neural Information Processing Systems},
	author = {Goodfellow, Ian and Pouget-Abadie, Jean and Mirza, Mehdi and Xu, Bing and Warde-Farley, David and Ozair, Sherjil and Courville, Aaron and Bengio, Yoshua},
	urldate = {2024-03-12},
	year = {2014},
	langid = {english},
	keywords = {{GAN}},
	file = {Full Text PDF:C\:\\Users\\DELL\\Zotero\\storage\\SDV7YAXG\\Goodfellow ç­‰ - 2014 - Generative Adversarial Nets.pdf:application/pdf},
}

@misc{mirza_con_gan_2014,
      title={Conditional Generative Adversarial Nets}, 
      author={Mehdi Mirza and Simon Osindero},
      year={2014},
      eprint={1411.1784},
      archivePrefix={arXiv},
      primaryClass={cs.LG},
      url={https://arxiv.org/abs/1411.1784}, 
}

@inproceedings{Goodfellow_DBM_2013,
 author = {Goodfellow, Ian and Mirza, Mehdi and Courville, Aaron and Bengio, Yoshua},
 booktitle = {Advances in Neural Information Processing Systems},
 editor = {C.J. Burges and L. Bottou and M. Welling and Z. Ghahramani and K.Q. Weinberger},
 pages = {},
 publisher = {Curran Associates, Inc.},
 title = {Multi-Prediction Deep Boltzmann Machines},
 url = {https://proceedings.neurips.cc/paper_files/paper/2013/file/0bb4aec1710521c12ee76289d9440817-Paper.pdf},
 volume = {26},
 year = {2013}
}